@article{Unfolding,
	author = "ATLAS Collaboration",
	title = {{Measurement of the charged-particle multiplicity inside jets from s=$\sqrt{8}$ TeV pp collisions with the ATLAS detector}},
	publisher={Eur. Phys. J. C76(6), 1-23 (2016)},
	year={arXiv:1602.00988 [hep-ex]}
	}
	
	@article{JetFrag,
	author = "ATLAS Collaboration",
	title = {{Properties of jet fragmentation using charged particles measured with the ATLAS detector in pp collisions at $\sqrt{s}=$13 TeV}},
	publisher={PRD},
	year={arXiv:1906.09254 [hep-ex]}
	}
	
    @misc{colorstring,
    title={{Background magnetic field stabilizes QCD string against breaking}},
    author={M. N. Chernodub},
    year={2010},
    eprint={1001.0570},
    archivePrefix={arXiv},
    primaryClass={hep-ph}
}

@misc{particleflow,
    title={{Particle-flow reconstruction and global event description with the CMS detector}},
    author={CMS Collaboration},
    year={2017},
    eprint={1706.04965},
    archivePrefix={arXiv},
    primaryClass={physics.ins-det}
}
@article{fastjet,
   title={{FastJet user manual}},
   volume={72},
   ISSN={1434-6052},
   url={http://dx.doi.org/10.1140/epjc/s10052-012-1896-2},
   DOI={10.1140/epjc/s10052-012-1896-2},
   number={3},
   journal={The European Physical Journal C},
   publisher={Springer Nature},
   author={Cacciari, Matteo and Salam, Gavin P. and Soyez, Gregory},
   year={2012},
   month={Mar}
}
	@article{FakeTracks,
	author="ATLAS Collaboration",
	title={{Performance of the ATLAS track reconstruction algorithms in dense environments in LHC Run 2}},
	publisher = "Eur. Phys. J. C 77 (2017) 673",
	year={arXiv:1704.07983 [hep-ex]}
	}
	
	@unpublished{SM_XS_Comparison,
	author = "ATLAS Collaboration",
	title={{Summary plots from the ATLAS Standard Model physics group}},
	url="https://atlas.web.cern.ch/Atlas/GROUPS/PHYSICS/ CombinedSummaryPlots/SM/"
	}
	
	@unpublished{muon_calib,
	author = "ATLAS Collaboration",
	title = {{ATLAS Muon Reconstruction Performance in LHC Run 2}},
	url = "http://inspirehep.net/record/1678370/files/1676644_620-626.pdf"
	}
	@article{antikt,
	author="Matteo Cacciari, Gavin P. Salam, Gregory Soyez",
	title={{The anti-$k_{T}$ jet clustering algorithm}},
	publisher = "JHEP 0804:063,2008",
	year={arXiv:0802.1189 [hep-ph]}
	}
	
	@article{jetcalib,
	author="ATLAS Collaboration",
	title={{Jet energy scale measurements and their systematic uncer- tainties in proton–proton collisions at $\sqrt{s}$ = 13 TeV with the ATLAS detector}},
	publisher = "Phys. Rev. D 96 (2017), p. 072002",
	year={arXiv: 1703.09665 [hep-ex]}
	}
	
	@article{altarelli,
	title = {{Asymptotic freedom in parton language}},
	journal = "Nuclear Physics B",
	volume = "126",
	number = "2",
	pages = "298 - 318",
	year = "1977",
	issn = "0550-3213",
	doi = "https://doi.org/10.1016/0550-3213(77)90384-4",
	url = "http://www.sciencedirect.com/science/article/pii/0550321377903844",
	author = "G. Altarelli and G. Parisi"
}

@misc{rnndropout,
    title={{Recurrent Neural Network Regularization}},
    author={Wojciech Zaremba and Ilya Sutskever and Oriol Vinyals},
    year={2014},
    eprint={1409.2329},
    archivePrefix={arXiv},
    primaryClass={cs.NE}
}

@article{lstmstruct,
   title={{Decentralized Flood Forecasting Using Deep Neural Networks}},
   url={http://dx.doi.org/10.31223/osf.io/e9xqr},
   DOI={10.31223/osf.io/e9xqr},
   publisher={Center for Open Science},
   author={Sit, Muhammed Ali and Demir, Ibrahim},
   year={2019},
   month={Jun}
}
@misc{kfold,
    title={{Model Evaluation, Model Selection, and Algorithm Selection in Machine Learning}},
    author={Sebastian Raschka},
    year={2018},
    eprint={1811.12808},
    archivePrefix={arXiv},
    primaryClass={cs.LG}
}
@article{vrjets,
   title={{Jets with variable R}},
   volume={2009},
   ISSN={1029-8479},
   url={http://dx.doi.org/10.1088/1126-6708/2009/06/059},
   DOI={10.1088/1126-6708/2009/06/059},
   number={06},
   journal={Journal of High Energy Physics},
   publisher={Springer Science and Business Media LLC},
   author={Krohn, David and Thaler, Jesse and Wang, Lian-Tao},
   year={2009},
   month={Jun},
   pages={059–059}
}


  @article{jvt,
  title={{Tagging and suppression of pileup jets with the ATLAS detector}},
  author = "ATLAS Collaboration",
	journal="ATLAS-CONF- 2014-018",
	year="2014"
	}
	
 @article{jet_energy_calib,
   title={{Jet energy scale measurements and their systematic uncertainties in proton-proton collisions at $\sqrt{s}=13$ TeV with the ATLAS Detector}},
   volume={96},
   ISSN={2470-0029},
   url={http://dx.doi.org/10.1103/PhysRevD.96.072002},
   DOI={10.1103/physrevd.96.072002},
   number={7},
   journal={Physical Review D},
   publisher={American Physical Society (APS)},
   author={ATLAS Collaboration},
   year={2017},
   month={Oct}
}
	
	  @article{colorfactor,
  title={{Lecture Notes Particle Physics II}},
  url="https://www.nikhef.nl/~h24/qcdcourse/section-5.pdf"
	
	}
	
	@inproceedings{pich,
      author         = "Pich, Antonio",
      title          = {{The Standard Model of Electroweak Interactions}},
      booktitle      = "{Proceedings, High-energy Physics. Proceedings, 18th
                        European School (ESHEP 2010): Raseborg, Finland, June 20 -
                        July 3, 2010}",
      year           = "2012",
      pages          = "1-50",
      note           = "[,1(2012)]",
      eprint         = "1201.0537",
      archivePrefix  = "arXiv",
      primaryClass   = "hep-ph",
      reportNumber   = "IFIC-11-73, FTUV-12-0102",
      SLACcitation   = "%%CITATION = ARXIV:1201.0537;%%"
}

@article{runningcouplings,
author = {Dias, Alex and Pleitez, V.},
year = {2004},
month = {07},
pages = {},
title = {{Grand Unification and Proton Stability Near the Peccei-Quinn Scale}},
volume = {70},
journal = {Physical Review D},
doi = {10.1103/PhysRevD.70.055009}
}
	
@article{rs1,
      author         = "Randall, Lisa and Sundrum, Raman",
      title          = {{A Large mass hierarchy from a small extra dimension}},
      journal        = "Phys. Rev. Lett.",
      volume         = "83",
      year           = "1999",
      pages          = "3370-3373",
      doi            = "10.1103/PhysRevLett.83.3370",
      eprint         = "hep-ph/9905221",
      archivePrefix  = "arXiv",
      primaryClass   = "hep-ph",
      reportNumber   = "MIT-CTP-2860, PUPT-1860, BUHEP-99-9",
      SLACcitation   = "%%CITATION = HEP-PH/9905221;%%"
}

@article{rs2,
      author         = "Agashe, Kaustubh and Davoudiasl, Hooman and Perez, Gilad
                        and Soni, Amarjit",
      title          = {{Warped Gravitons at the LHC and Beyond}},
      journal        = "Phys. Rev.",
      volume         = "D76",
      year           = "2007",
      pages          = "036006",
      doi            = "10.1103/PhysRevD.76.036006",
      eprint         = "hep-ph/0701186",
      archivePrefix  = "arXiv",
      primaryClass   = "hep-ph",
      reportNumber   = "SU-4252-843, BNL-HET-07-3, YITP-SB-07-02",
      SLACcitation   = "%%CITATION = HEP-PH/0701186;%%"
}


@article{scalarsinglet,
   title={{LHC benchmark scenarios for the real Higgs singlet extension of the standard model}},
   volume={76},
   ISSN={1434-6052},
   url={http://dx.doi.org/10.1140/epjc/s10052-016-4115-8},
   DOI={10.1140/epjc/s10052-016-4115-8},
   number={5},
   journal={The European Physical Journal C},
   publisher={Springer Nature},
   author={Robens, Tania and Stefaniak, Tim},
   year={2016},
   month={May}
}


@article{hvt,
   title={{Heavy vector triplets: bridging theory and data}},
   volume={2014},
   ISSN={1029-8479},
   url={http://dx.doi.org/10.1007/JHEP09(2014)060},
   DOI={10.1007/jhep09(2014)060},
   number={9},
   journal={Journal of High Energy Physics},
   publisher={Springer Science and Business Media LLC},
   author={Pappadopulo, Duccio and Thamm, Andrea and Torre, Riccardo and Wulzer, Andrea},
   year={2014},
   month={Sep}
}

@article{me_ps,
   title={{QCD matrix elements + parton showers. The NLO case}},
   volume={2013},
   ISSN={1029-8479},
   url={http://dx.doi.org/10.1007/JHEP04(2013)027},
   DOI={10.1007/jhep04(2013)027},
   number={4},
   journal={Journal of High Energy Physics},
   publisher={Springer Nature},
   author={Höche, Stefan and Krauss, Frank and Schönherr, Marek and Siegert, Frank},
   year={2013},
   month={Apr}
}

@article{rnn,
  author    = {Alex Sherstinsky},
  title     = {{Fundamentals of Recurrent Neural Network {(RNN)} and Long Short-Term
               Memory {(LSTM)} Network}},
  journal   = {CoRR},
  volume    = {abs/1808.03314},
  year      = {2018},
  url       = {http://arxiv.org/abs/1808.03314},
  archivePrefix = {arXiv},
  eprint    = {1808.03314},
  timestamp = {Sun, 02 Sep 2018 15:01:55 +0200},
  biburl    = {https://dblp.org/rec/bib/journals/corr/abs-1808-03314},
  bibsource = {dblp computer science bibliography, https://dblp.org}
}


@misc{adamopt,
    title={{Adam: A Method for Stochastic Optimization}},
    author={Diederik P. Kingma and Jimmy Ba},
    year={2014},
    eprint={1412.6980},
    archivePrefix={arXiv},
    primaryClass={cs.LG}
}